@book{s11wasml,
author 	= {Schlosser, Joachim},
year 	= {2011},
title 	= {Wissenschaftliche Arbeiten schreiben mit LATEX: Leitfaden f{\"u}r Einsteiger: Joachim Schlosser},
address = {Heidelberg and M{\"u}nchen and Landsberg and Frechen and Hamburg},
edition = {4},
publisher = {mitp},
isbn 	= {9783826691027}
}



@BOOK{Gonzalez2018,
	AUTHOR = {Gonz√°lez, Alex},
	YEAR = {2018},
	TITLE = {Embedded Linux Development Using Yocto Project Cookbook - },
	EDITION = {2. Aufl.},
	ISBN = {978-1-788-39921-0},
	PUBLISHER = {Packt Publishing},
	ADDRESS = {Birmingham},
}
